@article{black1973,
  title={The Pricing of Options and Corporate Liabilities},
  author={Black, Fischer and Scholes, Myron},
  journal={Journal of Political Economy},
  volume={81},
  number={3},
  pages={637--654},
  year={1973},
  publisher={The University of Chicago Press}
}

@article{boyle1977,
  title={Options: A Monte Carlo Approach},
  author={Boyle, Phelim P},
  journal={Journal of Financial Economics},
  volume={4},
  number={3},
  pages={323--338},
  year={1977},
  publisher={North-Holland}
}
@article{cox1979,
  title={Option Pricing: A Simplified Approach},
  author={Cox, John C and Ross, Stephen A and Rubinstein, Mark},
  journal={Journal of Financial Economics},
  volume={7},
  number={3},
  pages={229--263},
  year={1979},
  publisher={Elsevier}
}
