@article{gillett1974heuristic,
  title={A heuristic algorithm for the vehicle-dispatch problem},
  author={Gillett, B.E. and Miller, L.R.},
  journal={Operations research},
  volume={22},
  number={2},
  pages={340--349},
  year={1974},
  publisher={INFORMS}
}

@article{constr,
  title={Constructive Sweep-Based Algorithm for Heterogeneous Cumulative Capacitated Vehicle Routing Problem},
  author ={Plazas, D.},
  journal={},
  volume={},
  number={},
  year={2019}
}
@article{ls,
  title={Local Search for Heterogeneous Cumulative Capacitated Vehicle Routing Problem},
  author ={Plazas, D.},
  journal={},
  volume={},
  number={},
  year={2019}
}

@article{random,
  title={Random Search for Heterogeneous Cumulative Capacitated Vehicle Routing Problem},
  author ={Plazas, D.},
  journal={},
  volume={},
  number={},
  year={2019}
}

@article{holland1975adaptation,
  title={Adaptation in natural and artificial systems: an introductory analysis with application to biology},
  author={Holland, John},
  journal={Control and artificial intelligence},
  year={1975},
  publisher={University of Michigan Press}
}

@article{umbarkar2015crossover,
  title={Crossover Operators in Genetic Algorithms: A Review.},
  author={Umbarkar, AJ and Sheth, PD},
  journal={ICTACT journal on soft computing},
  volume={6},
  number={1},
  year={2015}
}

@book{baeck2018evolutionary,
  title={Evolutionary Computation 1: Basic Algorithms and Operators},
  author={Baeck, T. and Fogel, D.B. and Michalewicz, Z.},
  isbn={9781351989428},
  url={https://books.google.com.co/books?id=PgJ-DwAAQBAJ},
  year={2018},
  publisher={CRC Press}
}