
@misc{nextWeb,
	author={MIX},
    title={How BitConnect pulled the biggest exit scheme in cryptocurrency},
    journal={TheNextWeb},
    year={2018},
    url={https://thenextweb.com/hardfork/2018/01/17/bitconnect-bitcoin-scam-cryptocurrency/},
    note={accessed 2018-02-18}
}

@misc{foreignExchange,
	author={Kimberly Amadeo},
    title={Foreign Exchange Market: The Market That Dwarfs the Stock Market},
    journal={TheBalance},
    year={2018},
    url={https://www.thebalance.com/foreign-exchange-market-3306088},
    note={accessed 2018-02-18}
}

@misc{ICO,
	author={},
    title={Initial Coin Offering (ICO)},
    journal={Investopedia},
    year={2018},
    url={https://www.investopedia.com/terms/i/initial-coin-offering-ico.asp},
    note={accessed 2018-02-18}
}

@misc{GR,
	author={},
    title={Growth rates},
    journal={Investopedia},
    year={2018},
    url={https://www.investopedia.com/terms/i/initial-coin-offering-ico.asp},
    note={accessed 2018-03-9}
}

@misc{blockchain,
	author={Ittay Eyal and Adam Efe Gencer and Emin Gun Sirer and Robbert van Renesse},
    title={Bitcoin-NG: A Scalable Blockchain Protocol},
    journal={Usenix},
    year={2016},
    url={https://www.usenix.org/system/files/conference/nsdi16/nsdi16-paper-eyal.pdf},
    note={accessed 2018-02-19}
}

@misc{ponzi,
	author={US. Government},
    title={INVESTOR ALERT: PONZI SCHEMES USING VIRTUAL CURRENCIES},
    journal={U.S. Security and exchange commission},
    year={2013},
    url={https://www.investor.gov/additional-resources/news-alerts/alerts-bulletins/investor-alert-ponzi-schemes-using-virtual},
    note={accessed 2018-02-19}
}

@article{ezubao,
  title={Ezubao: a Chinese Ponzi scheme with a twist},
  author={Albrecht, Chad and Morales, Victor and Baldwin, Jack Kristian and Scott, Steven Deron},
  journal={Journal of Financial Crime},
  volume={24},
  number={2},
  pages={256--259},
  year={2017},
  publisher={Emerald Publishing Limited}
}

@article{forex,
  title={Introduction to the Foreign Exchange Markey},
  journal={Journal of Knowledge Management, Economics and Information Technology},
  author={Violeta Gaucan},
  year={2010}
}

@misc{bcc11,
	author={Fitz Tepper},
    title={Bitconnect, which has been accused of running a Ponzi scheme, shuts down},
    journal={TechCrunch},
    year={2016},
    url={https://techcrunch.com/2018/01/16/bitconnect-which-has-been-accused-of-running-a-ponzi-scheme-shuts-down/},
    note={accessed 2018-02-19}
}

@ARTICLE {PMitBE,
    author  = "Gandal, Neil and Hamrick, JT and Moore, Tyler and Oberman, Tail",
    title   = "Price Manipulation in the Bitcoin Ecosystem",
    journal = "Monetary Economics",
    year    = "2018"
}

@misc{forbes,
	author={Jay Adkisson},
    title={Bitcoin, Cryptocurrency And The Government Regulation Paradox},
    journal={Forbes},
    year={2018},
    url={https://www.forbes.com/sites/jayadkisson/2018/01/29/bitcoin-cryptocurrency-and-the-government-regulation-paradox/#29686e073531},
    note={accessed 2018-04-10}
}

@misc{cmc,
	author={CoinMarketCap},
    title={BitConnect},
    year={2018},
    url={https://coinmarketcap.com/currencies/bitconnect/},
    note={accessed 2018-02-17}
}


@misc{silvio,
	author={Montse Hidalgo Pérez},
    title={Silvio Micali: “El Bitcoin es una receta para el desastre”},
    year={2018},
    url={https://retina.elpais.com/retina/2018/06/25/tendencias/1529916635_610100.html},
    note={accessed 2018-07-20}
}

