@article{ackermann1928,
  title={Zum Hilbertschen Aufbau der Reellen Zahlen},
  author={Ackermann, Wilhelm},
  journal={Mathematische Annalen},
  volume={99},
  number={1},
  pages={118--133},
  year={1928},
  publisher={Springer-Verlag}
}

@book{barendregt2004,
  title={The Lambda Calculus: Its Syntax and Semantics.},
  author={Barendregt, Hendrik Pieter},
  journal={Studies in Logic and the Foundations of Mathematics},
  year={2004}
}

@article{goldberg2000,
  title={An Introduction to the Lambda Calculus},
  author={Goldberg, Mayer},
  journal={Course Notes. Ben-Gurion University},
  year={2000}
}
