@article{main,
  title={Nonlinear dynamics and chaos in a fractional-order financial system},
  author={Chen, Wei-Ching},
  journal={Chaos, Solitons \& Fractals},
  volume={36},
  number={5},
  pages={1305--1314},
  year={2008},
  publisher={Elsevier}
}
@article{huang1993theory,
  title={Theory and method of the nonlinear economics},
  author={Huang, D and Li, H},
  journal={Publishing House of Sichuan University, Chengdu},
  year={1993}
}

@article{diethelm2002predictor,
  title={A predictor-corrector approach for the numerical solution of fractional differential equations},
  author={Diethelm, Kai and Ford, Neville J and Freed, Alan D},
  journal={Nonlinear Dynamics},
  volume={29},
  number={1-4},
  pages={3--22},
  year={2002},
  publisher={Springer}
}
@article{jun2001study,
  title={Study for the bifurcation topological structure and the global complicated character of a kind of nonlinear finance system (I)},
  author={Jun-hai, Ma and Yu-Shu, Chen},
  journal={Applied Mathematics and Mechanics},
  volume={22},
  number={11},
  pages={1240--1251},
  year={2001},
  publisher={Springer}
}

@article{integrability,
  title={Non-integrability of Huang-Li nonlinear financial model},
  author={Wojciech Szuminski},
  journal={Institute of Physics, University of Zielona Gora},
  year={2017},
  publisher={arXiv}
}

@misc{interestRate,
	author={Investopedia},
    title={Interest Rate},
    journal={Investopedia},
    year={2018},
    url={https://www.investopedia.com/terms/i/interestrate.asp},
    note={accessed 2018-09-26}
}
@misc{savings,
	author={Investopedia},
    title={Savings},
    journal={Investopedia},
    year={2018},
    url={https://www.investopedia.com/terms/s/savings.asp},
    note={accessed 2018-09-26}
}

@misc{elasticity,
	author={Investopedia2},
    title={Demand Elasticity},
    year={2018},
    url={https://www.investopedia.com/terms/d/demand-elasticity.asp},
    note={accessed 2018-09-26}
}

@BOOK{investmentDemand,
  TITLE = {Policy and Theory of International Finance},
  AUTHOR = {Steve Suranovic},
  YEAR = {2012},
  url={https://2012books.lardbucket.org/books/policy-and-theory-of-international-finance/s11-04-investment-demand.html}
}

@article{abd2010chaos,
  title={Chaos control of a fractional-order financial system},
  author={Abd-Elouahab, Mohammed Salah and Hamri, Nasr-Eddine and Wang, Junwei},
  journal={Mathematical Problems in Engineering},
  volume={2010},
  year={2010},
  publisher={Hindawi}
}

@article{yang2017modified,
  title={Modified Function Projective Synchronization for a Partially Linear and Fractional-Order Financial Chaotic System with Uncertain Parameters},
  author={Yang, Yehong and Cao, Guohua},
  journal={Discrete Dynamics in Nature and Society},
  volume={2017},
  year={2017},
  publisher={Hindawi}
}

@article{pan2015multi,
  title={Multi-objective active control policy design for commensurate and incommensurate fractional order chaotic financial systems},
  author={Pan, Indranil and Das, Saptarshi and Das, Shantanu},
  journal={Applied Mathematical Modelling},
  volume={39},
  number={2},
  pages={500--514},
  year={2015},
  publisher={Elsevier}
}

@BOOK{kutta,
  TITLE = {Numerical methods in engineering with python 3},
  AUTHOR = {Jaan Kiusalaas},
  YEAR = {2013},
  PUBLISHER = {Cambridge University Press}
}

@misc{priceIndex,
	author={The Editors of Encyclopaedia Britannica},
    title={Price index},
    journal={Encyclopaedia Britannica},
    year={2014},
    url={https://www.britannica.com/topic/price-index},
    note={accessed 2018-09-27}
}

@article{guo2016sensitivity,
  title={On sensitivity analysis of parameters for fractional differential equations with Caputo derivatives},
  author={Guo, Yuxiang and Ma, Baoli and Wu, Ranchao},
  journal={Electronic Journal of Qualitative Theory of Differential Equations},
  volume={2016},
  number={118},
  pages={1--17},
  year={2016},
  publisher={University of Szeged, Hungary}
}

