@book{myriam2002introduccion,
  title={Introducci{\'o}n a la teor{\'\i}a avanzada de la probabilidad},
  author={Mu{\~n}oz, M. and Blanco, L.},
  isbn={9789587011401},
  series={Colecci{\'o}n textos},
  year={2002},
  publisher={Universidad Nacional de Colombia}
}

@book{bourbaki2003integration,
  title={Integration I: Chapters 1-6},
  author={Bourbaki, N. and Berberian, S.K.},
  isbn={9783540411291},
  lccn={2003058768},
  series={Bourbaki, Nicolas},
  year={2003},
  publisher={Springer Berlin Heidelberg}
}

@article{azhmyakov2011approximability,
  title={Approximability of nonlinear affine control systems},
  author={Azhmyakov, V. and Egerstedt, M. and Fridman, L. and Poznyak, A.},
  journal={Nonlinear Analysis: Hybrid Systems},
  volume={5},
  number={2},
  pages={275--288},
  year={2011},
  publisher={Elsevier}
}

@book{aliprantis1998principles,
  title={Principles of real analysis},
  author={Aliprantis, Charalambos D and Burkinshaw, Owen},
  year={1998},
  publisher={Gulf Professional Publishing}
}