@article{thorwarth2009application,
  title={Application of discrete-event simulation in health care: a review},
  author={Thorwarth, Michael and Arisha, Amr},
  year={2009},
  publisher={Dublin Institute of Technology}
}

@article{jun1999application,
  title={Application of discrete-event simulation in health care clinics: A survey},
  author={Jun, JB and Jacobson, Sheldon H and Swisher, James R},
  journal={Journal of the operational research society},
  volume={50},
  number={2},
  pages={109--123},
  year={1999},
  publisher={Springer}
}

@book{robinson2004simulation,
  title={Simulation: The Practice of Model Development and Use},
  author={Robinson, S.},
  isbn={9780470847725},
  lccn={2003063093},
  url={https://books.google.com.co/books?id=u\_BQAAAAMAAJ},
  year={2004},
  publisher={Wiley}
}

@article{reynolds2011using,
  title={Using discrete event simulation to design a more efficient hospital pharmacy for outpatients},
  author={Reynolds, Matthew and Vasilakis, Christos and McLeod, Monsey and Barber, Nicholas and Mounsey, Ann and Newton, Sue and Jacklin, Ann and Franklin, Bryony Dean},
  journal={Health care management science},
  volume={14},
  number={3},
  pages={223--236},
  year={2011},
  publisher={Springer}
}

@article{cobham1954priority,
  title={Priority assignment in waiting line problems},
  author={Cobham, Alan},
  journal={Journal of the Operations Research Society of America},
  volume={2},
  number={1},
  pages={70--76},
  year={1954},
  publisher={INFORMS}
}

@article{shimshak1981priority,
  title={A priority queuing model of a hospital pharmacy unit},
  author={Shimshak, Daniel G and Damico, Dru Gropp and Burden, Hope D},
  journal={European journal of operational Research},
  volume={7},
  number={4},
  pages={350--354},
  year={1981},
  publisher={Elsevier}
}

@article{ndukwe2011reducing,
  title={Reducing queues in a Nigerian hospital pharmacy},
  author={Ndukwe, HC and Omale, S and Opanuga, OO},
  year={2011},
  publisher={African Journal of Pharmacy and Pharmacology}
}

@article{lakshmi2013application,
  title={Application of queueing theory in health care: A literature review},
  author={Lakshmi, C and Iyer, Sivakumar Appa},
  journal={Operations research for health care},
  volume={2},
  number={1-2},
  pages={25--39},
  year={2013},
  publisher={Elsevier}
}
@article{paraskevopoulos2008reactive,
  title={A reactive variable neighborhood tabu search for the heterogeneous fleet vehicle routing problem with time windows},
  author={Paraskevopoulos, Dimitris C and Repoussis, Panagiotis P and Tarantilis, Christos D and Ioannou, George and Prastacos, Gregory P},
  journal={Journal of Heuristics},
  volume={14},
  number={5},
  pages={425--455},
  year={2008},
  publisher={Springer}
}

@book{banks2005discrete,
  title={Discrete-event System Simulation},
  author={Banks, J. and Carson J. and Nelson B.L. and Nicol D.},
  isbn={9780131446793},
  lccn={2004053354},
  series={Prentice-Hall international series in industrial and systems engineering},
  url={https://books.google.com.co/books?id=CWZRAAAAMAAJ},
  year={2005},
  publisher={Pearson Prentice Hall}
}

@book{wackerly2010estadistica,
  title={Estad{\'\i}stica matem{\'a}tica con aplicaciones},
  author={Wackerly, Dennis D and Mu{\~n}oz, Romo and Humbertotr, Jorge and others},
  number={519.5 W3},
  year={2010}
}