@inproceedings{coue2003using,
  title={Using Bayesian programming for multi-sensor multi-target tracking in automotive applications},
  author={Cou{\'e}, Christophe and Fraichard, Th and Bessiere, Pierre and Mazer, Emmanuel},
  booktitle={Robotics and Automation, 2003. Proceedings. ICRA'03. IEEE International Conference on},
  volume={2},
  pages={2104--2109},
  year={2003},
  organization={IEEE}
}

@inproceedings{tapus2004topology,
  title={Topology learning and recognition using Bayesian programming for mobile robot navigation},
  author={Tapus, Adriana and Ramel, Guy and Dobler, Luc and Siegwart, Roland},
  booktitle={Intelligent Robots and Systems, 2004.(IROS 2004). Proceedings. 2004 IEEE/RSJ International Conference on},
  volume={4},
  pages={3139--3144},
  year={2004},
  organization={IEEE}
}

@book{gelman2013bayesian,
  title={Bayesian data analysis},
  author={Gelman, Andrew and Carlin, John B and Stern, Hal S and Dunson, David B and Vehtari, Aki and Rubin, Donald B},
  year={2013},
  publisher={CRC press}
}

@misc{gamingMarket,
	author={Grand View Research},
    title={Gaming Market Size, Share \& Trends Analysis Report By Device (Console, Mobile, Computer), By Type (Online, Offline), By Region (North America, Europe, APAC, LATAM, MEA), And Segment Forecasts, 2018 - 2025},
    journal={Grand View Research},
    year={2018},
    url={https://www.grandviewresearch.com/industry-analysis/gaming-industry},
    note={accessed 2018-05-03}
}

@misc{brilliantFinite,
	author={Brilliant},
    title={Finite State Machines},
    url={https://brilliant.org/wiki/finite-state-machines/},
    note={accessed 2018-05-03}
}

@misc{brilliantMarkov,
	author={Brilliant'},
    title={Markov Chains},
    url={https://brilliant.org/wiki/markov-chains/},
    note={accessed 2018-05-04}
}

@article{le2004teaching,
  title={Teaching bayesian behaviours to video game characters},
  author={Le Hy, Ronan and Arrigoni, Anthony and Bessiere, Pierre and Lebeltel, Olivier},
  journal={Robotics and Autonomous Systems},
  volume={47},
  number={2-3},
  pages={177--185},
  year={2004},
  publisher={Elsevier}
}

%Libro Historia
@book{bessiere2013bayesian,
  title={Bayesian Programming},
  author={Bessiere, P. and Mazer, E. and Ahuactzin, J.M. and Mekhnacha, K.},
  isbn={9781439880326},
  lccn={2013039509},
  series={Chapman \& Hall/CRC machine learning \& pattern recognition series},
  url={https://books.google.es/books?id=4XtcAgAAQBAJ},
  year={2013},
  publisher={Taylor \& Francis}
}

@book{rinconProb,
  title={Curso Intermedio de Probabilidad},
  author={Luis Rinc\'on},
  url={www.matematicas.unam.mx/lars},
  year={2006},
  publisher={Plaza Prometeo}
}

@inproceedings{hladky2008evaluation,
  title={An evaluation of models for predicting opponent positions in first-person shooter video games},
  author={Hladky, Stephen and Bulitko, Vadim},
  booktitle={Computational Intelligence and Games, 2008. CIG'08. IEEE Symposium On},
  pages={39--46},
  year={2008},
  organization={IEEE}
}

@misc{youtube1,
	author={Chris Fonnesbeck},
    title={Bayesian Statistical Analysis using Python},
    year={2014},
	url={https://www.youtube.com/watch?v=vOBB_ycQ0RA&t=3122s},
    note={accessed on 2018-05-03}
}

@misc{pac,
	author={Tegan Jones},
    title={THE HISTORY OF PAC-MAN},
    journal={Today I Found out},
    year={2013},
    url={http://www.todayifoundout.com/index.php/2013/08/the-history-of-pac-man/y},
    note={accessed 2018-05-03}
}

@misc{pac1,
	author={Greyblue9},
    title={pacman-python},
    journal={GitHub},
    year={2007},
    url={https://github.com/greyblue9/pacman-python},
    note={accessed 2018-05-01}
}

@misc{manhattan,
	author={Paul Black},
    title={Manhattan distance},
    journal={Dictionary of Algorithms and Data Structures},
    year={2006},
    url={https://xlinux.nist.gov/dads/HTML/manhattanDistance.html},
    note={accessed 2018-05-16}
}
