@misc{levene,
  author = {Jon Starkweather},
  title = {Homgenety of Variances},
  note = "\url{https://it.unt.edu/sites/default/files/levene_jds_mar2010.pdf}. [Online] consultado el 4 de Noviembre, 2018."
}

@article{stat,
  author  = {Dennis Wackerly and William Mendehall and Richard Scheaffer}, 
  title   = {Estadística matemática con aplicaciones},
  journal = {CENGAGE Learning},
  year    = 2010,
  volume  = 7
}