@book{rencher2003methods,
  title={Methods of multivariate analysis},
  author={Rencher, Alvin C},
  volume={492},
  year={2003},
  publisher={John Wiley \& Sons}
}