@article{higham2001,
  title={An Algorithmic Introduction to Numerical Simulation of
         Stochastic Differential Equations},
  author={Higham, Desmond J},
  journal={SIAM review},
  volume={43},
  number={3},
  pages={525--546},
  year={2001},
  publisher={SIAM}
}

@article{marin2013,
  title={Gaussian Estimation of One-factor Mean Reversion Processes},
  author={Marín Sánchez, Freddy H and Palacio, J Sebastian},
  journal={Journal of Probability and Statistics},
  volume={2013},
  year={2013},
  publisher={Hindawi}
}

@article{chan1992,
  title={An Empirical Comparison of Alternative Models of the Short-Term Interest Rate},
  author={Chan, Kalok C and Karolyi, G Andrew and Longstaff, Francis A and Sanders, Anthony B},
  journal={The journal of finance},
  volume={47},
  number={3},
  pages={1209--1227},
  year={1992},
  publisher={Wiley Online Library}
}

@article{alaton2002,
  title={On Modelling and Pricing Weather Derivatives},
  author={Alaton, Peter and Djehiche, Boualem and Stillberger, David},
  journal={Applied mathematical finance},
  volume={9},
  number={1},
  pages={1--20},
  year={2002},
  publisher={Taylor \& Francis}
}


@article{cox1985,
 ISSN = {00129682, 14680262},
 URL = {http://www.jstor.org/stable/1911242},
 author = {John C. Cox and Jonathan E. Ingersoll and Stephen A. Ross},
 journal = {Econometrica},
 number = {2},
 pages = {385--407},
 publisher = {[Wiley, Econometric Society]},
 title = {A Theory of the Term Structure of Interest Rates},
 volume = {53},
 year = {1985}
}

@article{unknown2017,
  title={Chapter 31: Cox-Ingersoll-Ross Model},
  year={2017},
  url={http://janroman.dhis.org/finance/IR/CIR\%20advanced.pdf}
}

@article{lo1989size,
  title={The size and power of the variance ratio test in finite samples: A Monte Carlo investigation},
  author={Lo, Andrew W and MacKinlay, A Craig},
  journal={Journal of Econometrics},
  volume={40},
  number={2},
  pages={203--238},
  year={1989},
  publisher={Elsevier}
}

@article{li2015asymptotic,
  title={Asymptotic Properties of Estimators in a Stable Cox--Ingersoll--Ross Model},
  author={Li, Zenghu and Ma, Chunhua},
  journal={Stochastic Processes and their Applications},
  volume={125},
  number={8},
  pages={3196--3233},
  year={2015},
  publisher={Elsevier}
}

@article{overbeck1997estimation,
  title={Estimation in the Cox-Ingersoll-Ross Model},
  author={Overbeck, Ludger and Ryden, Tobias},
  journal={Econometric Theory},
  volume={13},
  number={3},
  pages={430--461},
  year={1997},
  publisher={Cambridge University Press}
}

@phdthesis{mishra2010study,
  title={Study of Positivity Preserving Numerical Methods for Cox
                  Ingersoll Ross Interest Rate Model},
  author={Mishra, Raju Kumar},
  year={2010},
  school={Indian Institute of Science Bangalore}
}

@incollection{medvedev2019cox,
  title={The Cox--Ingersoll--Ross Model},
  author={Medvedev, Gennady A},
  booktitle={Yield Curves and Forward Curves for Diffusion Models of Short Rates},
  pages={41--69},
  year={2019},
  publisher={Springer}
}

@article{lam2006new,
  title={New Variance Ratio Tests to Identify Random Walk from the
                  General Mean Reversion Model},
  author={Lam, Kin and Wong, May Chun Mei and Wong, Wing-Keung},
  journal={Advances in Decision Sciences},
  volume={2006},
  year={2006},
  publisher={Hindawi}
}

@article{lo1988stock,
  title={Stock Market Prices do not Follow Random Walks: Evidence from
                  a Simple Specification Test},
  author={Lo, Andrew W and MacKinlay, A Craig},
  journal={The review of financial studies},
  volume={1},
  number={1},
  pages={41--66},
  year={1988},
  publisher={Oxford University Press}
}

@techreport{risager1998random,
  title={Random Walk or Mean Reversion: the Danish Stock Market since World War 1},
  author={Risager, Ole},
  year={1998},
  institution={Working paper}
}

@article{charles2009variance,
  title={Variance-Ratio Tests of Random Walk: an Overview},
  author={Charles, Am{\'e}lie and Darn{\'e}, Olivier},
  journal={Journal of Economic Surveys},
  volume={23},
  number={3},
  pages={503--527},
  year={2009},
  publisher={Wiley Online Library}
}

@article{quanstart,
  title={Basics of Statistical Mean Reversion Testing},
  journal={Quanstart},
  url={https://www.quantstart.com/articles/Basics-of-Statistical-Mean-Reversion-Testing/}
}

@article{dyrting2004,
  title={Evaluating the Noncentral Chi-Square Distribution for the Cox-Ingersoll-Ross Process},
  author={Dyrting, Sigurd},
  journal={Computational economics},
  volume={24},
  number={1},
  pages={35--50},
  year={2004},
  publisher={Springer}
}
