% Bibliography file
%It appears in the order on which it was cited on the document



@Book{sears,
  title     = {Física Universitaria},
  publisher = {Pearson},
  year      = {2009},
  author    = {Sears and Zemansky},
  edition   = {13},
  volume 	= {2},
}

@ONLINE {antena,
    author = "LaVozdeCataratas",
    year   = "2015",
    note    = "\url{www.lavozdecataratas.com/contenido/fotos/02102015\_080735.jpg}"
}

@ONLINE {bombilla,
    author = "Norberto Gallón",
    year   = "2012",
    note    = "\url{http://doraeugeniagonzalez.blogspot.com.co/p/el-bombillo\_8271.html}"
}

@misc{shadow,
    title = {Arquitectura de Sólidos y Líquidos},
    author = {Eliezer Braun},
    note = { \url{http://bibliotecadigital.ilce.edu.mx/sites/ciencia/volumen1/ciencia2/26/imgs/fig3-21.jpg}}
}

@ONLINE {waterwave,
    author = "Oliver Perkins",
    year   = "2017",
    note    = "\url{http://oliverperkins.com/2017/11/30/forecasting-wave-height/}"
}

@book{hecht,
  title={Optics},
  author={Hecht, Eugene},
  year={2016},
  publisher={Pearson Education}
}


@ONLINE {Wilcox,
    author = "Paula Wilcox",
    year   = "2016",
    note    = "\url{http://slideplayer.com/slide/5787788/\#}"
}

@ONLINE {wikiwave,
    author = "Wikimedia",
    year   = "2011",
    note    = "\url{https://commons.wikimedia.org/wiki/File:5wavelength\%3Dslitwidthsprectrum.gif}"
}

@ONLINE {espectro,
    author = "Sonria",
    note    = "\url{http://www.sonria.com/glossary/colores/}"
}

@ONLINE {interferencia,
    author = "Wikimedia",
    year   = "2006",
    note    = "\url{https://commons.wikimedia.org/wiki/File:Interference_of_two_waves.png}"
}

@ONLINE {michelson,
    author = "Wikimedia",
    year   = "2012",
    note    = "\url{https://commons.wikimedia.org/wiki/File:Michelson_interferometer_fringe_formation.svg}"
}

@ONLINE {refrac,
    author = "Wikimedia",
    year   = "2011",
    note    = "\url{https://commons.wikimedia.org/wiki/File:Reflection_and_refraction.svg}"
}

@ONLINE {ligo,
    author = "LIGO",
    note    = "\url{https://www.ligo.caltech.edu/}"
}

@ONLINE {fringes,
    author = "Wikimedia",
    note    = "\url{https://upload.wikimedia.org/wikipedia/commons/thumb/e/e8/Optical_flat_interference_fringes.jpg/300px-Optical_flat_interference_fringes.jpg}"
}

@ONLINE {young1,
    author = "",
    note    = "\url{http://www.studyphysics.ca/newnotes/20/unit04_light/chp1719_light/images/young_particle.gif}"
}


@ONLINE {twy,
    author = "Wikipedia",
    note    = "\url{https://en.wikipedia.org/wiki/Twyman\%E2\%80\%93Green_interferometer}"
}

@ONLINE {youngwaves,
    note    = "\url{http://psi.phys.wits.ac.za/teaching/Connell/phys284/2005/lecture-02/lecture_02/img21.png}"
}

@ONLINE {youngwaves2,
    note    = "\url{http://philschatz.com/physics-book/resources/Figure_28_03_06a.jpg}"
}
