@article{rossler1976equation,
  title={An equation for continuous chaos},
  author={R{\"o}ssler, Otto E},
  journal={Physics Letters A},
  volume={57},
  number={5},
  pages={397--398},
  year={1976},
  publisher={Elsevier}
}

@article{mandal2014symmetric,
  title={Symmetric key image encryption using chaotic Rossler system},
  author={Mandal, Mrinal K and Kar, Madhumita and Singh, Sandesh K and Barnwal, Vivek K},
  journal={Security and Communication Networks},
  volume={7},
  number={11},
  pages={2145--2152},
  year={2014},
  publisher={Wiley Online Library}
}

@article{laiphrakpam2017cryptanalysis,
  title={Cryptanalysis of symmetric key image encryption using chaotic Rossler system},
  author={Laiphrakpam, Dolendro Singh and Khumanthem, Manglem Singh},
  journal={Optik-International Journal for Light and Electron Optics},
  volume={135},
  pages={200--209},
  year={2017},
  publisher={Elsevier}
}

@article{weule1998detection,
  title={Detection of n: m phase locking from noisy data: application to magnetoencephalography},
  author={Weule, J and others},
  journal={Phys. Rev. Lett},
  volume={81},
  number={15},
  pages={3291--3294},
  year={1998}
}

@article{canals2014random,
  title={Random Number Generation Based on the Rossler Attractor},
  author={Canals, Vincent and Morro, Antoni and Rossell{\'o}, Josep L},
  journal={IEICE Proceeding Series},
  volume={1},
  pages={272--275},
  year={2014}
}

@article{sprott2017asymmetric,
  title={ASYMMETRIC BISTABILITY IN THE R{\"O}SSLER SYSTEM.},
  author={Sprott, Julien Clinton and Li, Chunbiao},
  journal={Acta Physica Polonica B},
  volume={48},
  number={1},
  year={2017}
}

@BOOK{kutta,
  TITLE = {Numerical methods in engineering with python 3},
  AUTHOR = {Jaan Kiusalaas},
  YEAR = {2013},
  PUBLISHER = {Cambridge University Press}
}

@electronic{lyapunov,
 author    = {Glenn Elert},
 title     = {Lyapunov exponent},
 url       = {https://hypertextbook.com/chaos/lyapunov-1/}
}