@article{gillett1974heuristic,
  title={A heuristic algorithm for the vehicle-dispatch problem},
  author={Gillett, Billy E and Miller, Leland R},
  journal={Operations research},
  volume={22},
  number={2},
  pages={340--349},
  year={1974},
  publisher={INFORMS}
}

@article{layeb2013grasp,
  title={A GRASP algorithm based on new randomized heuristic for vehicle routing problem},
  author={Layeb, Abdesslem and Ammi, Meryem and Chikhi, Salim},
  journal={Journal of computing and information technology},
  volume={21},
  number={1},
  pages={35--46},
  year={2013},
  publisher={SRCE-Sveu{\v{c}}ili{\v{s}}ni ra{\v{c}}unski centar}
}

@article{kirkpatrick1983optimization,
  title={Optimization by simulated annealing},
  author={Kirkpatrick, Scott and Gelatt, C Daniel and Vecchi, Mario P},
  journal={science},
  volume={220},
  number={4598},
  pages={671--680},
  year={1983},
  publisher={American Association for the Advancement of Science}
}

@article{ferentinos2002heuristic,
  title={Heuristic optimization methods for motion planning of autonomous agricultural vehicles},
  author={Ferentinos, Konstantinos P and Arvanitis, Konstantinos G and Sigrimis, Nick},
  journal={Journal of Global Optimization},
  volume={23},
  number={2},
  pages={155--170},
  year={2002},
  publisher={Springer}
}

@article{mladenovic1997variable,
  title={Variable neighborhood search},
  author={Mladenovi{\'c}, Nenad and Hansen, Pierre},
  journal={Computers \& operations research},
  volume={24},
  number={11},
  pages={1097--1100},
  year={1997},
  publisher={Elsevier}
}