@IEEEtranBSTCTL{IEEEexample:BSTcontrol,
CTLdash_repeated_names= "no",
}


@article{rossler1976equation,
  title={An equation for continuous chaos},
  author={R{\"o}ssler, Otto E},
  journal={Physics Letters A},
  volume={57},
  number={5},
  pages={397--398},
  year={1976},
  publisher={Elsevier}
}

@article{mandal2014symmetric,
  title={Symmetric key image encryption using chaotic Rossler system},
  author={Mandal, Mrinal K and Kar, Madhumita and Singh, Sandesh K and Barnwal, Vivek K},
  journal={Security and Communication Networks},
  volume={7},
  number={11},
  pages={2145--2152},
  year={2014},
  publisher={Wiley Online Library}
}

@article{laiphrakpam2017cryptanalysis,
  title={Cryptanalysis of symmetric key image encryption using chaotic Rossler system},
  author={Laiphrakpam, Dolendro Singh and Khumanthem, Manglem Singh},
  journal={Optik-International Journal for Light and Electron Optics},
  volume={135},
  pages={200--209},
  year={2017},
  publisher={Elsevier}
}


@article{weule1998detection,
  title={Detection of n: m phase locking from noisy data: application to magnetoencephalography},
  author={Weule, J and others},
  journal={Phys. Rev. Lett},
  volume={81},
  number={15},
  pages={3291--3294},
  year={1998}
}

@book{ogata2010modern,
  title={Modern Control Engineering},
  author={Katsuhiko Ogata},
  year={2010},
  publisher={Pearson}
}

@article{canals2014random,
  title={Random Number Generation Based on the Rossler Attractor},
  author={Canals, Vincent and Morro, Antoni and Rossell{\'o}, Josep L},
  journal={IEICE Proceeding Series},
  volume={1},
  pages={272--275},
  year={2014}
}

@electronic{discretePID,
 author    = {Vélez, Carlos Mario},
 title     = {Control \relax{PID}},
 url       = {https://sci-ciencia.blogspot.com/2018/12/diapositivas-control-pid.html}
}

@article{JS_PL1,
  title={Simulation and Analysis of Chaotic R\"ossler System based on Circuits.},
  author={Cárdenas, Juan Sebastián and Plazas, David},
  journal={},
  volume={},
  number={},
  year={2019}
}

@article{JS_PL2,
  title={Linear Analysis of Rössler System based on Circuits},
  author={Cárdenas, Juan Sebastián and Plazas, David},
  journal={},
  volume={},
  number={},
  year={2019}
}

@incollection{ackermann1985multi,
  title={Multi-model approaches to robust control system design},
  author={Ackermann, J},
  booktitle={Uncertainty and Control},
  pages={108--130},
  year={1985},
  publisher={Springer}
}