@article{huang1996computer,
  title={Computer Vision: Evolution and Promise},
  author={Huang, Thomas},
  year={1996},
  publisher={Cern}
}

@book{ballard1982computer,
  title={Computer Vision},
  author={Ballard, Dana Harry and Brown, Christopher M},
  year={1982},
  publisher={Prentice Hall}
}

@book{amit20022d,
  title={2D Object Detection and Recognition: Models, Algorithms, and Networks},
  author={Amit, Yali},
  year={2002},
  publisher={MIT Press}
}

@book{szeliski2010computer,
  title={Computer Vision: Algorithms and Applications},
  author={Szeliski, Richard},
  year={2010},
  publisher={Springer Science \& Business Media}
}

@techreport{yao2007fast,
  title={Fast Human Detection from Videos Using Covariance Features},
  author={Yao, Jian and Odobez, Jean-Marc},
  year={2007},
  institution={Idiap}
}

@book{tyagi2018content,
  title={Content-Based Image Retrieval: Ideas, Influences, and Current Trends},
  author={Tyagi, V.},
  isbn={9789811067594},
  year={2018},
  publisher={Springer Singapore}
}

@article{karacan2013structure,
  title={Structure-Preserving Image Smoothing Via Region Covariances},
  author={Karacan, Levent and Erdem, Erkut and Erdem, Aykut},
  journal={ACM Transactions on Graphics (TOG)},
  volume={32},
  number={6},
  pages={1--11},
  year={2013},
  publisher={ACM New York, NY, USA}
}

@inproceedings{wu2009robust,
  title={Robust Bayesian Tracking on Riemannian Manifolds via Fragments-Based Representation},
  author={Wu, Yi and Wang, Jinqiao and Lu, Hanqing},
  booktitle={2009 IEEE International Conference on Acoustics, Speech and Signal Processing},
  pages={765--768},
  year={2009},
  organization={IEEE}
}

@inproceedings{wu2008probabilistic,
  title={Probabilistic Tracking on Riemannian Manifolds},
  author={Wu, Yi and Wu, Bo and Liu, Jia and Lu, Hanqing},
  booktitle={2008 19th International Conference on Pattern Recognition},
  pages={1--4},
  year={2008},
  organization={IEEE}
}

@inproceedings{wu2009real,
  title={Real-Time Visual Tracking via Incremental Covariance Tensor Learning},
  author={Wu, Yi and Cheng, Jian and Wang, Jinqiao and Lu, Hanqing},
  booktitle={2009 IEEE 12th International Conference on Computer Vision},
  pages={1631--1638},
  year={2009},
  organization={IEEE}
}

@inproceedings{porikli2006covariance,
  title={Covariance Tracking Using Model Update Based on Lie Algebra},
  author={Porikli, Fatih and Tuzel, Oncel and Meer, Peter},
  booktitle={2006 IEEE Computer Society Conference on Computer Vision and Pattern Recognition (CVPR'06)},
  volume={1},
  pages={728--735},
  year={2006},
  organization={IEEE}
}

@article{hariri20163d,
  title={3D Face Recognition Using Covariance Based Descriptors},
  author={Hariri, Walid and Tabia, Hedi and Farah, Nadir and Benouareth, Abdallah and Declercq, David},
  journal={Pattern Recognition Letters},
  volume={78},
  pages={1--7},
  year={2016},
  publisher={Elsevier}
}

@article{pang2008gabor,
  title={Gabor-Based Region Covariance Matrices for Face Recognition},
  author={Pang, Yanwei and Yuan, Yuan and Li, Xuelong},
  journal={IEEE Transactions on circuits and systems for video technology},
  volume={18},
  number={7},
  pages={989--993},
  year={2008},
  publisher={IEEE}
}

@inproceedings{hirzer2011person,
  title={Person Re-Identification by Descriptive and Discriminative Classification},
  author={Hirzer, Martin and Beleznai, Csaba and Roth, Peter M and Bischof, Horst},
  booktitle={Scandinavian conference on Image analysis},
  pages={91--102},
  year={2011},
  organization={Springer}
}

@inproceedings{tuzel2006,
  title={Region Covariance: A Fast Descriptor for Detection and Classification},
  author={Tuzel, Oncel and Porikli, Fatih and Meer, Peter},
  booktitle={European conference on computer vision},
  pages={589--600},
  year={2006},
  organization={Springer}
}

@inproceedings{tuzel2007human,
  title={Human Detection via Classification on Riemannian Manifolds},
  author={Tuzel, Oncel and Porikli, Fatih and Meer, Peter},
  booktitle={2007 IEEE Conference on Computer Vision and Pattern Recognition},
  pages={1--8},
  year={2007},
  organization={IEEE}
}

@article{paisitkriangkrai2008fast,
  title={Fast Pedestrian Detection Using a Cascade of Boosted Covariance Features},
  author={Paisitkriangkrai, Sakrapee and Shen, Chunhua and Zhang, Jian},
  journal={IEEE Transactions on Circuits and Systems for Video Technology},
  volume={18},
  number={8},
  pages={1140--1151},
  year={2008},
  publisher={IEEE}
}

@inproceedings{tosato2010multi,
  title={Multi-Class Classification on Riemannian Manifolds for Video Surveillance},
  author={Tosato, Diego and Farenzena, Michela and Spera, Mauro and Murino, Vittorio and Cristani, Marco},
  booktitle={European conference on computer vision},
  pages={378--391},
  year={2010},
  organization={Springer}
}

@article{wu2012real,
  title={Real-Time Probabilistic Covariance Tracking with Efficient Model Update},
  author={Wu, Yi and Cheng, Jian and Wang, Jinqiao and Lu, Hanqing and Wang, Jun and Ling, Haibin and Blasch, Erik and Bai, Li},
  journal={IEEE Transactions on Image Processing},
  volume={21},
  number={5},
  pages={2824--2837},
  year={2012},
  publisher={IEEE}
}

@inproceedings{sivalingam2010tensor,
  title={Tensor Sparse Coding for Region Covariances},
  author={Sivalingam, Ravishankar and Boley, Daniel and Morellas, Vassilios and Papanikolopoulos, Nikolaos},
  booktitle={European conference on computer vision},
  pages={722--735},
  year={2010},
  organization={Springer}
}

@inproceedings{hong2009sigma,
  title={Sigma Set: A Small Second Order Statistical Region Descriptor},
  author={Hong, Xiaopeng and Chang, Hong and Shan, Shiguang and Chen, Xilin and Gao, Wen},
  booktitle={2009 IEEE Conference on Computer Vision and Pattern Recognition},
  pages={1802--1809},
  year={2009},
  organization={IEEE}
}

@article{li2013survey,
  title={A Survey of Appearance Models in Visual Object Tracking},
  author={Li, Xi and Hu, Weiming and Shen, Chunhua and Zhang, Zhongfei and Dick, Anthony and Hengel, Anton Van Den},
  journal={ACM transactions on Intelligent Systems and Technology (TIST)},
  volume={4},
  number={4},
  pages={1--48},
  year={2013},
  publisher={ACM New York, NY, USA}
}

@article{li2015feature,
  title={Feature Representation for Statistical-Learning-Based Object Detection: A Review},
  author={Li, Yali and Wang, Shengjin and Tian, Qi and Ding, Xiaoqing},
  journal={Pattern Recognition},
  volume={48},
  number={11},
  pages={3542--3559},
  year={2015},
  publisher={Elsevier}
}

@article{zhao2019object,
  title={Object Detection with Deep Learning: A Review},
  author={Zhao, Zhong-Qiu and Zheng, Peng and Xu, Shou-tao and Wu, Xindong},
  journal={IEEE transactions on neural networks and learning systems},
  volume={30},
  number={11},
  pages={3212--3232},
  year={2019},
  publisher={IEEE}
}

@book{jiang2018deep,
  title={Deep Learning in Object Detection and Recognition},
  author={Jiang, Xiaoyue and Hadid, Abdenour and Pang, Yanwei and Granger, Eric and Feng, Xiaoyi},
  year={2018},
  publisher={Springer}
}

@article{mikhail1984detection,
  title={Detection and Sub-Pixel Location of Photogrammetric Targets in Digital Images},
  author={Mikhail, Edward M and Akey, Mark L and Mitchell, O Robert},
  journal={Photogrammetria},
  volume={39},
  number={3},
  pages={63--83},
  year={1984},
  publisher={Elsevier}
}

@inproceedings{cui2013fusing,
  title={Fusing Robust Face Region Descriptors Via Multiple Metric Learning for Face Recognition in the Wild},
  author={Cui, Zhen and Li, Wen and Xu, Dong and Shan, Shiguang and Chen, Xilin},
  booktitle={Proceedings of the IEEE conference on computer vision and pattern recognition},
  pages={3554--3561},
  year={2013}
}

@inproceedings{porikli2006robust,
  title={Robust license plate detection using covariance descriptor in a neural network framework},
  author={Porikli, Fatih and Kocak, Tekin},
  booktitle={2006 IEEE International Conference on Video and Signal Based Surveillance},
  pages={107--107},
  year={2006},
  organization={IEEE}
}

@incollection{forstner2003metric,
  title={A Metric for Covariance Matrices},
  author={F{\"o}rstner, Wolfgang and Moonen, Boudewijn},
  booktitle={Geodesy-the Challenge of the 3rd Millennium},
  pages={299--309},
  year={2003},
  publisher={Springer}
}

@inproceedings{viola2001rapid,
  title={Rapid Object Detection Using a Boosted Cascade of Simple Features},
  author={Viola, Paul and Jones, Michael},
  booktitle={Proceedings of the 2001 IEEE computer society conference on computer vision and pattern recognition. CVPR 2001},
  volume={1},
  pages={I--I},
  year={2001},
  organization={IEEE}
}

@article{falk1997mad,
  title={On MAD and Comedians},
  author={Falk, Michael},
  journal={Annals of the Institute of Statistical Mathematics},
  volume={49},
  number={4},
  pages={615--644},
  year={1997},
  publisher={Springer}
}

@article{kendall1938new,
  title={A New Measure of Rank Correlation},
  author={Kendall, Maurice G},
  journal={Biometrika},
  volume={30},
  number={1/2},
  pages={81--93},
  year={1938},
  publisher={JSTOR}
}

@article{spearman1961general,
  title={"General Intelligence" Objectively Determined and Measured.},
  author={Spearman, Charles},
  year={1961},
  publisher={Appleton-Century-Crofts}
}

@article{ledoit2004honey,
  title={Honey, I Shrunk the Sample Covariance Matrix},
  author={Ledoit, Olivier and Wolf, Michael},
  journal={The Journal of Portfolio Management},
  volume={30},
  number={4},
  pages={110--119},
  year={2004},
  publisher={Institutional Investor Journals Umbrella}
}

@article{spearmscoeff,
    author = {Fieller, E. C. and Hartley, H. O. and Pearson, E. S.},
    title = {Test for Rank Correlation Coefficients},
    journal = {Biometrika},
    volume = {44},
    number = {3-4},
    pages = {470-481},
    year = {1957},
}

@inproceedings{Chapman2000CRISPDM1S,
  title={CRISP-DM 1.0: Step-by-step data mining guide},
  author={P. Chapman and J. Clinton and R. Kerber and T. Khabaza and T. Reinartz and C. R. Shearer and R. Wirth},
  year={2000}
}

@inproceedings{porikli2005integral,
  title={Integral histogram: A fast way to extract histograms in cartesian spaces},
  author={Porikli, Fatih},
  booktitle={2005 IEEE Computer Society Conference on Computer Vision and Pattern Recognition (CVPR'05)},
  volume={1},
  pages={829--836},
  year={2005},
  organization={IEEE}
}