

@article{clarke1964,
  author =        {Clarke, Geoff and Wright, John W},
  journal =       {Operations Research},
  number =        {4},
  pages =         {568--581},
  publisher =     {INFORMS},
  title =         {Scheduling of Vehicles from a Central Depot to a
                   Number of Delivery Points},
  volume =        {12},
  year =          {1964},
}

@article{croes1958,
  author =        {Croes, Georges A},
  journal =       {Operations Research},
  number =        {6},
  pages =         {791--812},
  publisher =     {INFORMS},
  title =         {A Method for Solving Traveling-Salesman Problems},
  volume =        {6},
  year =          {1958},
}

@article{bentley1992,
  author =        {Bentley, Jon Jouis},
  journal =       {ORSA Journal on computing},
  number =        {4},
  pages =         {387--411},
  publisher =     {INFORMS},
  title =         {Fast Algorithms for Geometric Traveling Salesman
                   Problems},
  volume =        {4},
  year =          {1992},
}

@misc{binato2001,
  author =        {Binato, S and Hery, WJ and Loewenstern, D and
                   Resende, MAURICIO GC},
  journal =       {Essays and surveys on metaheuristics},
  pages =         {58--79},
  publisher =     {Kluwer Academic Publishers},
  title =         {A Greedy Randomized Adaptive Search Procedure for Job
                   Shop Scheduling},
  year =          {2001},
}

