@article{rossler1976equation,
  title={An equation for continuous chaos},
  author={R{\"o}ssler, Otto E},
  journal={Physics Letters A},
  volume={57},
  number={5},
  pages={397--398},
  year={1976},
  publisher={Elsevier}
}

@book{antsaklis2007linear,
  title={A linear systems primer},
  author={Antsaklis, Panos J and Michel, Anthony N},
  year={2007},
  publisher={Springer Science \& Business Media}
}

@book{diniz2010digital,
  title={Digital signal processing: system analysis and design},
  author={Diniz, Paulo SR and Da Silva, Eduardo AB and Netto, Sergio L},
  year={2010},
  publisher={Cambridge University Press}
}

@article{mandal2014symmetric,
  title={Symmetric key image encryption using chaotic Rossler system},
  author={Mandal, Mrinal K and Kar, Madhumita and Singh, Sandesh K and Barnwal, Vivek K},
  journal={Security and Communication Networks},
  volume={7},
  number={11},
  pages={2145--2152},
  year={2014},
  publisher={Wiley Online Library}
}

@article{laiphrakpam2017cryptanalysis,
  title={Cryptanalysis of symmetric key image encryption using chaotic Rossler system},
  author={Laiphrakpam, Dolendro Singh and Khumanthem, Manglem Singh},
  journal={Optik-International Journal for Light and Electron Optics},
  volume={135},
  pages={200--209},
  year={2017},
  publisher={Elsevier}
}

@electronic{RHCaliche,
 author    = {Vélez, Carlos Mario},
 title     = {Routh's array in symbolic way},
 JOURNAL   = {Mathworks},
 url       = {https://www.mathworks.com/matlabcentral/fileexchange/33926-routh-s-array-in-symbolic-way}
}

@article{weule1998detection,
  title={Detection of n: m phase locking from noisy data: application to magnetoencephalography},
  author={Weule, J and others},
  journal={Phys. Rev. Lett},
  volume={81},
  number={15},
  pages={3291--3294},
  year={1998}
}

@article{canals2014random,
  title={Random Number Generation Based on the Rossler Attractor},
  author={Canals, Vincent and Morro, Antoni and Rossell{\'o}, Josep L},
  journal={IEICE Proceeding Series},
  volume={1},
  pages={272--275},
  year={2014}
}


@book{ogata2010modern,
  title={Modern Control Engineering},
  author={Katsuhiko Ogata},
  year={2010},
  publisher={Pearson}
}

@article{dahleh2004lectures,
  title={Lectures on dynamic systems and control},
  author={Dahleh, Mohammed and Dahleh, Munther A and Verghese, George},
  journal={MIT OpenCourseWare},
  year={2004}
}


@article{JS_PL,
  title={Simulation and Analysis of Chaotic R\"ossler System based on Circuits.},
  author={Cárdenas, Juan Sebastián and Plazas, David},
  journal={},
  volume={},
  number={},
  year={2019}
}

@BOOK{kutta,
  TITLE = {Numerical methods in engineering with python 3},
  AUTHOR = {Jaan Kiusalaas},
  YEAR = {2013},
  PUBLISHER = {Cambridge University Press}
}

