@ARTICLE{Singer2009,
AUTHOR = {Singer, S.  and Nelder, J. },
TITLE   = {{N}elder-{M}ead algorithm},
YEAR    = {2009},
JOURNAL = {Scholarpedia},
VOLUME  = {4},
NUMBER  = {7},
PAGES   = {2928},
DOI     = {10.4249/scholarpedia.2928},
NOTE    = {revision \#91557}
}

@electronic{interp,
 author    = {Douglas Wilhelm Harder},
 title     = {The Vandermonde Matrix},
 JOURNAL   = {University Of Waterloo},
 url       = {https://ece.uwaterloo.ca/~dwharder/NumericalAnalysis/05Interpolation/}
}