@book{wasserman2006,
  title={All of Nonparametric Statistics},
  author={Wasserman, Larry},
  year={2006},
  publisher={Springer Science \& Business Media}
}