@article{gillett1974heuristic,
  title={A heuristic algorithm for the vehicle-dispatch problem},
  author={Gillett, Billy E and Miller, Leland R},
  journal={Operations research},
  volume={22},
  number={2},
  pages={340--349},
  year={1974},
  publisher={INFORMS}
}

@article{suthikarnnarunai2008sweep,
  title={A sweep algorithm for the mix fleet vehicle routing problem},
  author={Suthikarnnarunai, N},
  journal={Proc. IMECS 2008},
  volume={2},
  year={2008},
  publisher={Citeseer}
}

@article{clarke1964scheduling,
  title={Scheduling of vehicles from a central depot to a number of delivery points},
  author={Clarke, Geoff and Wright, John W},
  journal={Operations research},
  volume={12},
  number={4},
  pages={568--581},
  year={1964},
  publisher={Informs}
}