% Bibliography file
%It appears in the order on which it was cited on the document

@Misc{NiceSwing,
  author={GOLF{\ }LOOPY},
  note={[En línea], 2012. [citado en 8 septiembre de 2017]. Disponible en: 		{\url{http://cloud2.golfloopy.com/wp-content/uploads/2012/03/Overview-of-a-Great-Golf-Swing1.jpg}}}
}

@incollection{golf-flight,
  author = {Arnold, Douglas N.},
  title = {The flight of a golf ball},
  booktitle = {The Princeton Companion to Applied Mathematics},
  editor = {Nicholas J. Higham and Mark R. Dennis and Paul Glendinning and Paul A. Martin and Fadil Santosa and Jared Tanner},
  year = {2015},
  publisher = {Princeton University Press},
  address = {Princeton, NJ, USA},
  pages = {746-749},
}

@article{golf,
  author = {Arnold, Douglas N.},
  title = {The science of a drive},
  journal = {Notices Amer. Math. Soc.},
  fjournal = {Notices of the American Mathematical Society},
  volume = {57},
  year = {2010},
  number = {4},
  pages = {498--501},
  note = {Also appeared in the collection \emph{Mathematics and Sports}, J.~Gallian, ed., Mathematical Association of America Dolciani Mathematical Expositions \# 43, 2010, 149--156.},
}

@article{penner2002physics,
  title={The physics of golf},
  author={Penner, A Raymond},
  journal={Reports on Progress in Physics},
  volume={66},
  number={2},
  pages={131},
  year={2002},
  publisher={IOP Publishing}
}

@misc{bworld,
  author = {Jaime Farreras},
  title = {Vocabulario del golf},
  year = {2008}, 
  note = "\url{http://www.golfsitges.com/vocabulario?jjj=1506034771003}. [Online] consultado en Septiembre 19, 2017 "
}

@misc{khan,
	author = {Khan Academy},
    title = {Air and Fluid Resistance},
    year = {2014},
    note = "\url{https://www.khanacademy.org/computing/computer-programming/programming-natural-simulations/programming-forces/a/air-and-fluid-resistance}. [Online] consultado en Septiembre 20, 2017 "
}
 
@misc{navier,
	author = {Aaron Yeiser},
    title = {Navier-Stokes Simulation},
    year = {2017},
    note = "\url{https://www.youtube.com/watch?v=azyN4CXCiEE}. [Online] consultado en Septiembre 20, 2017 "
}

@misc{ver,
	author = {Veritasium},
    title = {Suprising Applications of the Magnus Effect},
    year = {2015},
    note = "\url{https://www.youtube.com/watch?v=2OSrvzNW9FE}. [Online] consultado en Septiembre 20, 2017 "
}

@misc{geo,
	author = {GeoGebra},
    title = {Projectile motion with air resistance},
    note = "\url{https://www.geogebra.org/m/rYmNxYMY}. [Online] consultado en Septiembre 20, 2017 "
}

@misc{nasa,
	author = {Nasa},
    title = {Drag of a Sphere},
    note = "\url{https://www.grc.nasa.gov/www/k-12/airplane/dragsphere.html}. [Online] consultado en Septiembre 20, 2017"
}

@misc{history,
	author = {Microsoft Encarta 97},
    title = {Golf},
    note="\url{https://www.interpatagonia.com/golf/historia.html}. [Online] consultado en Septiembre 25, 2017."
}

@misc{reynolds,
	author = {Smithsonian National Air and Space Museum},
    title = {What is the definition of Reynold's Number?},
    note = "\url{http://howthingsfly.si.edu/ask-an-explainer/what-definition-reynolds-number-and-how-it-used-study-aerodynamics}. [Online] consultado en Octubre 1, 2017."

}

@article{mov,
  author = {Zhansong Xu},
  title = {A Study of Impact between Golf Ball and Face of
  		   of Golf Club Head},
  journal = {Worcester Polytechnic Institute},
  year = {2015},
 
}

@misc{forces,
	note = "\url{http://www.tutelman.com/golf/design/pix/swing_forcesOnBall.gif}. [Online] consultado en Octubre 1, 2017."
}

@misc{reynolds2,
	note = "\url{http://www.nuclear-power.net/nuclear-engineering/fluid-dynamics/reynolds-number/}. [Online] Consultado en Octubre 1, 2017"
}

@misc{crisis,
	note = "\url{http://twu.tennis-warehouse.com/learning_center/aerodynamics2.php}. [Online] Consultado en Octubre 1, 2017"
}

@misc{swing1,
	note = "\url{http://rate-sport.com/swing-golf/}. [Online] Consultado en Octubre 1, 2017"
}

@misc{imgHist,
	note = "\url{https://golfinfoblog.files.wordpress.com/2015/04/historia-golf-wallpaper-3.jpg}. [Online] Consultado en Octubre 1, 2017"
}

@misc{airRes,
	note = "\url{https://upload.wikimedia.org/wikipedia/commons/0/0d/Mplwp_ballistic_trajectories_velocities.svg}. [Online] Consultado en Octubre 1, 2017"
}

@misc{woods,
	note = "\url{https://www.golfdigest.com/hot-list/golf-clubs/fairway-woods}. [Online] Consultado en Octubre 1, 2017"
}

@misc{wedge,
	note = "\url{https://www.cobragolf.com/media/catalog/product/k/i/king-wedge-toe_1.jpg}. [Online] Consultado en Octubre 1, 2017"
}

@misc{putter,
	note = "\url{https://static.foremostgolf.com/ecom/images/thumbs/0042110_ping-ladies-g-le-caru-golf-putter.jpeg}. [Online] Consultado en Octubre 1, 2017"
}

@misc{player,
	note = "\url{http://sirshanksalot.com/steps-every-downswing-should-have-a-good-backswing/}. [Online] Consultado en Octubre 1, 2017"
}
@misc{body,
	note = "\url{http://www.athletictrainers.myindustrytracker.com/en/article/92798/what-is-happening-in-the-shoulder-complex-during-a-golf-swing}. [Online] Consultado en Octubre 1, 2017"
}











% Examples

%-Cita repetida y no seguida
@misc{Zhijun2,
author={LI},
note={Op. cit. [citado en Julio 30 del 2016]}
}

%-Cita repetida y seguida
@article{optical1,
author={K. CRAIG},
note={Ídem. [citado en Septiembre 22 del 2016].}
}

%-------------Write the last name in uppercase 
%-------------My url was used just before \begin{document}
@article{Swann2005,
author={Stephan BILLER and Chan LAPMUIANN and David SIMICHI and Julie SWANN},
journal={Electronic Commerce Research},
volume={5},
number={2},
title={Dynamic Pricing and the Direct-to-Customer Model in the Automotive Industry},
publisher={Kluwer Academic Publishers},
pages={309--334},
note={[En línea], 2005. [citado en 3 septiembre de 1990]. Disponible en: \url{http://www.japantimes.co.jp/opinion/2002/01/20/editorials/the-segways-\%japanese-roots}$\#$.V5qwiTWM9F0}
}

%-------------relax allows uppercase on title when making bibs
%-------------{\} allows to put corporative names
@article{Torunier,
author="NATIONAL{\ }SECURITY", 
title="Estimation \relax{AND} control of a quadrotor vehicle using monocular vision and moire patterns",
journal="America Institute of Aeronautics"
}

%-------------"and" allows to put 2 or more authors
@misc{Montoya,
author={GIRALDO, Robert and PÉREZ, Thomas},
note={Control global del Péndulo Rotacional Invertido
empleando modelos de energía. Revista Scientia et
Technica, No. 52, Diciembre, 2012.}
}