

@article{clarke1964,
  author =        {Clarke, Geoff and Wright, John W},
  journal =       {Operations Research},
  number =        {4},
  pages =         {568--581},
  publisher =     {INFORMS},
  title =         {Scheduling of Vehicles from a Central Depot to a
                   Number of Delivery Points},
  volume =        {12},
  year =          {1964},
}

@article{golden1984,
  author =        {Golden, Bruce and Assad, Arjang and Levy, Larry and
                   Gheysens, Filip},
  journal =       {Computers \& Operations Research},
  number =        {1},
  pages =         {49--66},
  publisher =     {Elsevier},
  title =         {The Fleet Size and Mix Vehicle Routing Problem},
  volume =        {11},
  year =          {1984},
}

@article{caccetta2013,
  author =        {Caccetta, Louis and Alameen, Mamoon and
                   Abdul-Niby, Mohammed},
  journal =       {Engineering, Technology \& Applied Science Research},
  number =        {2},
  pages =         {413--415},
  title =         {An Improved Clarke and Wright Algorithm to Solve the
                   Capacitated Vehicle Routing Problem},
  volume =        {3},
  year =          {2013},
}

@article{renaud2002,
  author =        {Renaud, Jacques and Boctor, Fayez F},
  journal =       {European Journal of Operational Research},
  number =        {3},
  pages =         {618--628},
  publisher =     {Elsevier},
  title =         {A Sweep-Based Algorithm for the Fleet Size and Mix
                   Vehicle Routing Problem},
  volume =        {140},
  year =          {2002},
}

