% Bibliography file
%It appears in the order on which it was cited on the document

  year = {2015},
  publisher = {Princeton University Press},
  address = {Princeton, NJ, USA},
  pages = {746-749},
}

@article{golf,
  author = {Arnold, Douglas N.},
  title = {The science of a drive},
  journal = {Notices Amer. Math. Soc.},
  fjournal = {Notices of the American Mathematical Society},
  volume = {57},
  year = {2010},
  number = {4},
  pages = {498--501},
  note = {Also appeared in the collection \emph{Mathematics and Sports}, J.~Gallian, ed., Mathematical Association of America Dolciani Mathematical Expositions \# 43, 2010, 149--156.},
}

@article{penner2002physics,
  title={The physics of golf},
  author={Penner, A Raymond},
  journal={Reports on Progress in Physics},
  volume={66},
  number={2},
  pages={131},
  year={2002},
  publisher={IOP Publishing}
}

@article{RH,
  title={The Riemann Hypothesis},
  author={Ryan Dignman},
  year={2010},
  note = "\url{http://wstein.org/edu/2010/414/projects/dingman.pdf}. [Online] consultado en Octubre 29, 2017."
}

@misc{defCrip,
	author = {Merriam Webster},
    title = {Definition of cryptography},
    year = {2017},
    note = "\url{https://www.merriam-webster.com/dictionary/cryptography}. [Online] consultado en Octubre 29, 2017."
}

@misc{imgDef,
	author = {Bit4id},
    title = {Cryptography},
    year = {2017},
    note = "\url{https://www.bit4id.com/en/cryptography/}. [Online] consultado en Octubre 29, 2017."
}

@misc{vige,
	author = {Wordpress},
    title = {Cryptography},
    year = {2015},
    note = "\url{https://wafflescrazypeanut.files.wordpress.com/2015/03/untitled1.jpg?w=600&h=300}. [Online] consultado en Octubre 29, 2017."
}

@misc{symm,
	author = {WikimediaCommons},
    title = {Symmetric key encryption},
    year = {2014},
    note = "\url{https://commons.wikimedia.org/wiki/File:Symmetric_key_encryption.svg}. [Online] consultado en Octubre 29, 2017."
}

@misc{lockU,
	author = {Panayotis Vryonis},
    title = {Explaining public-key cryptography to non-geeks},
    year = {2014},
    note = "\url{https://commons.wikimedia.org/wiki/File:Symmetric_key_encryption.svg}. [Online] consultado en Octubre 29, 2017."
}

@misc{chrono,
	author = {WikimediaCommons},
    title = {Chronology of pi and primes},
    year = {2017},
    note = "\url{https://upload.wikimedia.org/wikipedia/commons/thumb/f/f0/Chronology_of_pi_and_primes.png/800px-Chronology_of_pi_and_primes.png}. [Online] consultado en Octubre 29, 2017."
}

@misc{conv,
	author = {},
    title = {},
    year = {},
    note = "\url{https://cdn-images-1.medium.com/max/2000/1*P4Vq1b1qIr_21zJTuSIgYw.png}. [Online] consultado en Octubre 29, 2017."
}

@misc{Sieve,
	author = {Wikipedia},
    title = {Sieve Atking, Sieve Sundaram, Sieve Eratosthenes},
    year = {2017},
    note = "\url{https://en.wikipedia.org/wiki/Sieve_of_Atkin,
https://en.wikipedia.org/wiki/Sieve_of_Sundaram,
https://en.wikipedia.org/wiki/Sieve_of_Eratosthenes}. [Online] consultado en Octubre 29, 2017."
}

