@book{harary1969,
  title={Graph Theory},
  author={Harary, Frank},
  year={1969},
  publisher={Narosa Publishing House}
}
