@article{li2014armax,
  title={An ARMAX model for forecasting the power output of a grid connected photovoltaic system},
  author={Li, Yanting and Su, Yan and Shu, Lianjie},
  journal={Renewable Energy},
  volume={66},
  pages={78--89},
  year={2014},
  publisher={Elsevier}
}

@article{rossler1976equation,
  title={An equation for continuous chaos},
  author={R{\"o}ssler, Otto E},
  journal={Physics Letters A},
  volume={57},
  number={5},
  pages={397--398},
  year={1976},
  publisher={Elsevier}
}

@article{canals2014random,
  title={Random Number Generation Based on the Rossler Attractor},
  author={Canals, Vincent and Morro, Antoni and Rossell{\'o}, Josep L},
  journal={IEICE Proceeding Series},
  volume={1},
  pages={272--275},
  year={2014}
}
