@incollection{deng2012numerical,
  title={Numerical schemes for fractional ordinary differential equations},
  author={Deng, Weihua and Li, Can},
  booktitle={Numerical modelling},
  year={2012},
  publisher={IntechOpen}
}

@article{almeida2016modeling,
  title={Modeling some real phenomena by fractional differential equations},
  author={Almeida, Ricardo and Bastos, Nuno RO and Monteiro, M Teresa T},
  journal={Mathematical Methods in the Applied Sciences},
  volume={39},
  number={16},
  pages={4846--4855},
  year={2016},
  publisher={Wiley Online Library}
}

@inbook{antsaklis2006linear,
  title={Linear systems},
  author={Antsaklis, Panos J and Michel, Anthony N},
  year={2006},
  publisher={Springer Science \& Business Media},
  pages = {13}
}

@article{diethelm2002numerical,
  title={Numerical solution of the Bagley-Torvik equation},
  author={Diethelm, Kai and Ford, J},
  journal={BIT Numerical Mathematics},
  volume={42},
  number={3},
  pages={490--507},
  year={2002},
  publisher={Springer}
}

@article{thomas1999deterministic,
  title={Deterministic chaos seen in terms of feedback circuits: Analysis, synthesis," labyrinth chaos"},
  author={Thomas, Ren{\'e}},
  journal={International Journal of Bifurcation and Chaos},
  volume={9},
  number={10},
  pages={1889--1905},
  year={1999},
  publisher={World Scientific}
}


@article{momani2007numerical,
  title={Numerical approach to differential equations of fractional order},
  author={Momani, Shaher and Odibat, Zaid},
  journal={Journal of Computational and Applied Mathematics},
  volume={207},
  number={1},
  pages={96--110},
  year={2007},
  publisher={Elsevier}
}

@incollection{langford1984numerical,
  title={Numerical studies of torus bifurcations},
  author={Langford, William Finlay},
  booktitle={Numerical Methods for Bifurcation Problems},
  pages={285--295},
  year={1984},
  publisher={Springer}
}

@article{chen2008nonlinear,
  title={Nonlinear dynamics and chaos in a fractional-order financial system},
  author={Chen, Wei-Ching},
  journal={Chaos, Solitons \& Fractals},
  volume={36},
  number={5},
  pages={1305--1314},
  year={2008},
  publisher={Elsevier}
}

@article{ishteva2005properties,
  title={Properties and applications of the Caputo fractional operator},
  author={Ishteva, M},
  journal={Department of Mathematics, University of Karlsruhe, Karlsruhe},
  year={2005}
}

@inproceedings{yang2018generation,
  title={Generation of fractional-order Chua's chaotic system and it's synchronization},
  author={Yang, Chunzhi and Xiang, Wei and Ji, Quanbao},
  booktitle={2018 Chinese Control And Decision Conference (CCDC)},
  pages={599--603},
  year={2018},
  organization={IEEE}
}

@article{rowell2002state,
  title={State-Space Representation of LTI Systems},
  author={Rowell, Derek},
  year={2002},
  journal = {MIT}
}

@article{sprott2007labyrinth,
  title={Labyrinth chaos},
  author={Sprott, Julien Clinton and Chlouverakis, Konstantinos E},
  journal={International Journal of Bifurcation and Chaos},
  volume={17},
  number={06},
  pages={2097--2108},
  year={2007},
  publisher={World Scientific}
}

@article{kocamaz2015synchronization,
  title={Synchronization of chaos in nonlinear finance system by means of sliding mode and passive control methods: a comparative study},
  author={Kocamaz, U{\u{g}}ur Erkin and G{\"o}ksu, Alper and Ta{\c{s}}k{\i}n, Harun and Uyaro{\u{g}}lu, Y{\i}lmaz},
  journal={Information Technology and Control},
  volume={44},
  number={2},
  pages={172--181},
  year={2015}
}

@electronic{exampleeuler,
 author    = {Paul Dawkins},
 title     = {Euler's Method},
 note       = {\url{http://tutorial.math.lamar.edu/Classes/DE/EulersMethod.aspx}}
}

@BOOK{euler,
  TITLE = {Ecuaciones Diferenciales},
  AUTHOR = {García Jaimes, Orlando and Villegas Gutiérrez, Jairo Alberto and Castaño Bedoya, Jorge Iván and Sánchez Cano, José Albeiro},
  YEAR = {2016},
  PUBLISHER = {Fondo Editorial Universidad EAFIT}
}

@book{mathews2004numerical,
  title={Numerical Methods Using MATLAB},
  author={Mathews, J.H. and Fink, K.D.},
  isbn={9780130652485},
  lccn={2003061022},
  series={Featured Titles for Numerical Analysis Series},
  note={\url{https://books.google.com.co/books?id=E5lRAAAAMAAJ}},
  year={2004},
  publisher={Pearson Prentice Hall}
}

@article{kisela2008fractional,
  title={Fractional differential equations and their applications},
  author={Kisela, Tom{\'a}{\v{s}}},
  journal={Faculty Of Mechanical Engineering. Institute Of Mathemathics},
  year={2008}
}

@article{diethelm2002predictor,
  title={A predictor-corrector approach for the numerical solution of fractional differential equations},
  author={Diethelm, Kai and Ford, Neville J and Freed, Alan D},
  journal={Nonlinear Dynamics},
  volume={29},
  number={1-4},
  pages={3--22},
  year={2002},
  publisher={Springer}
}

@article{torvik1984appearance,
  title={On the appearance of the fractional derivative in the behavior of real materials},
  author={Torvik, Peter J and Bagley, Ronald L},
  journal={Journal of Applied Mechanics},
  volume={51},
  number={2},
  pages={294--298},
  year={1984},
  publisher={American Society of Mechanical Engineers}
}
