@book{hutton2016,
  title={Programming in Haskell},
  author={Hutton, Geoffrey},
  publisher={Cambridge University Press},
  year={2016},
  edition={Second}
}

@book{lipovaca2011,
  title={Learn You a Haskell for Great Good!: A Beginner's Guide},
  author={Lipovaca, Miran},
  year={2011},
  publisher={No Starch Press}
}

@book{osullivan2008,
  title={Real World Haskell: Code you can Believe},
  author={O'Sullivan, Bryan and Goerzen, John and Stewart, Donald Bruce},
  year={2008},
  publisher={O'Reilly Media, Inc.}
}
