@book{wasserman2006,
  title={All of Nonparametric Statistics},
  author={Wasserman, Larry},
  year={2006},
  publisher={Springer Science \& Business Media}
}

@article{nachbar2018concave,
  title={Concave and Convex Functions},
  author={Nachbar, John},
  journal={Lecture Notes for Economics},
  volume={4111},
  year={2018}
}

@article{falk1997mad,
  title={On MAD and Comedians},
  author={Falk, Michael},
  journal={Annals of the Institute of Statistical Mathematics},
  volume={49},
  number={4},
  pages={615--644},
  year={1997},
  publisher={Springer}
}

@article{kendall1938new,
  title={A New Measure of Rank Correlation},
  author={Kendall, Maurice G},
  journal={Biometrika},
  volume={30},
  number={1/2},
  pages={81--93},
  year={1938},
  publisher={JSTOR}
}

@article{ce1904general,
  title={General Intelligence, Objectively Determined and Measured},
  author={CE, Spearman},
  journal={American Journal of Psychology},
  volume={15},
  pages={201--293},
  year={1904}
}

@article{kulperger2018,
  title={Parametric and Nonparametric Bootstrap},
  author={Kulperger, R.J.},
  journal={Handouts for Introduction to the Theory of Statistics},
  year={2019},
  url={http://fisher.stats.uwo.ca/faculty/kulperger/SS3858/Handouts/Bootstrap.pdf}
}