@article{li2014armax,
  title={An ARMAX model for forecasting the power output of a grid connected photovoltaic system},
  author={Li, Yanting and Su, Yan and Shu, Lianjie},
  journal={Renewable Energy},
  volume={66},
  pages={78--89},
  year={2014},
  publisher={Elsevier}
}