@inproceedings{wei2017parameter,
  title={Parameter estimation and convergence analysis for a class of canonical dynamic systems by extended kalman filter},
  author={Wei, Ping and Xia, Bin and Luo, Xionglin},
  booktitle={2017 3rd IEEE International Conference on Control Science and Systems Engineering (ICCSSE)},
  pages={336--340},
  year={2017},
  organization={IEEE}
}
