

@article{glover1977,
  author =        {Glover, Fred},
  journal =       {Decision sciences},
  number =        {1},
  pages =         {156--166},
  publisher =     {Wiley Online Library},
  title =         {Heuristics for Integer Programming using Surrogate
                   Constraints},
  volume =        {8},
  year =          {1977},
}

@article{croes1958,
  author =        {Croes, Georges A},
  journal =       {Operations Research},
  number =        {6},
  pages =         {791--812},
  publisher =     {INFORMS},
  title =         {A Method for Solving Traveling-Salesman Problems},
  volume =        {6},
  year =          {1958},
}

@article{bentley1992,
  author =        {Bentley, Jon Jouis},
  journal =       {ORSA Journal on computing},
  number =        {4},
  pages =         {387--411},
  publisher =     {INFORMS},
  title =         {Fast Algorithms for Geometric Traveling Salesman
                   Problems},
  volume =        {4},
  year =          {1992},
}

@article{clarke1964,
  author =        {Clarke, Geoff and Wright, John W},
  journal =       {Operations Research},
  number =        {4},
  pages =         {568--581},
  publisher =     {INFORMS},
  title =         {Scheduling of Vehicles from a Central Depot to a
                   Number of Delivery Points},
  volume =        {12},
  year =          {1964},
}

