@article{met,
  title={Métodos Numéricos},
  author={Correa Zabala, Francisco},
  pages={57--59},
  year={},
  publisher={Editorial EAFIT}
}
@misc{vpi,
	author={John D'Errico},
    title={Variable Precision Integer Arithmetic},
    journal={Mathworks File Exchange},
    year={2015},
    url={https://www.mathworks.com/matlabcentral/fileexchange/22725-variable-precision-integer-arithmetic}
}