@book{banks2010discrete,
  title={Discrete-event System Simulation},
  author={Banks, J. and Carson, J.S. and Nelson, B.L. and Nicol, D.M.},
  isbn={9780136062127},
  lccn={2010286363},
  url={https://books.google.com.co/books?id=cqSNnmrqqbQC},
  year={2010},
  publisher={Prentice Hall}
}
