@book{gutierrez2012analisis,
  title={An{\'a}lisis y Dise{\~n}o de Experimentos},
  author={Guti{\'e}rrez, Humberto and De La Vara, Rom{\'a}n},
  year={2012},
  publisher={M{\'e}xico: McGraw-Hill}
}

@book{pidd1998computer,
  title={Computer Simulation in Management Science},
  author={Pidd, Michael},
  volume={4},
  year={1998},
  publisher={Wiley Chichester}
}
