@electronic{simmer,
 author    = {Ucar, Iñaki and Smeets, Bart},
 title     = {simmer},
 url       ={https://r-simmer.org/index.html}
}

@electronic{ex_simmer,
 author    = {Ucar, Iñaki},
 title     = {Queueing Systems},
 url       ={https://r-simmer.org/articles/simmer-06-queueing.html}
}

@electronic{ex_simmer2,
 author    = {Ucar, Iñaki and Chukova, Stefanka},
 title     = {Queueing Systems},
 url       ={http://homepages.ecs.vuw.ac.nz/~schukova/SCIE201/Lectures/Lecture9_10_final.html}
}