@incollection{deng2012numerical,
  title={Numerical schemes for fractional ordinary differential equations},
  author={Deng, Weihua and Li, Can},
  booktitle={Numerical modelling},
  year={2012},
  publisher={IntechOpen}
}

@Inbook{Korsch2008,
title="The Duffing Oscillator",
bookTitle="Chaos: A Program Collection for the PC",
year="2008",
author="Korsch, H.J. and Jodl, H.J.",
publisher="Springer Berlin Heidelberg",
address="Berlin, Heidelberg",
pages="157--184",
abstract="The Duffing oscillator is one of the prototype systems of nonlinear dynamics. It first became popular for studying anharmonic oscillations and, later, chaotic nonlinear dynamics in the wake of early studies by the engineer Georg Duffing [1]. The system has been successfully used to model a variety of physical processes such as stiffening springs, beam buckling, nonlinear electronic circuits, superconducting Josephson parametric amplifiers, and ionization waves in plasmas. Despite the simplicity of the Duffing oscillator, the dynamical behavior is extremely rich and research is still going on today.",
isbn="978-3-540-74867-0",
doi="10.1007/978-3-540-74867-0_8",
url="https://doi.org/10.1007/978-3-540-74867-0_8"
}

@article{almeida2016modeling,
  title={Modeling some real phenomena by fractional differential equations},
  author={Almeida, Ricardo and Bastos, Nuno RO and Monteiro, M Teresa T},
  journal={Mathematical Methods in the Applied Sciences},
  volume={39},
  number={16},
  pages={4846--4855},
  year={2016},
  publisher={Wiley Online Library}
}

@inbook{antsaklis2006linear,
  title={Linear systems},
  author={Antsaklis, Panos J and Michel, Anthony N},
  year={2006},
  publisher={Springer Science \& Business Media},
  pages = {13}
}

@article{diethelm2002numerical,
  title={Numerical solution of the Bagley-Torvik equation},
  author={Diethelm, Kai and Ford, J},
  journal={BIT Numerical Mathematics},
  volume={42},
  number={3},
  pages={490--507},
  year={2002},
  publisher={Springer}
}

@article{thomas1999deterministic,
  title={Deterministic chaos seen in terms of feedback circuits: Analysis, synthesis," labyrinth chaos"},
  author={Thomas, Ren{\'e}},
  journal={International Journal of Bifurcation and Chaos},
  volume={9},
  number={10},
  pages={1889--1905},
  year={1999},
  publisher={World Scientific}
}


@article{momani2007numerical,
  title={Numerical approach to differential equations of fractional order},
  author={Momani, Shaher and Odibat, Zaid},
  journal={Journal of Computational and Applied Mathematics},
  volume={207},
  number={1},
  pages={96--110},
  year={2007},
  publisher={Elsevier}
}

@incollection{langford1984numerical,
  title={Numerical studies of torus bifurcations},
  author={Langford, William Finlay},
  booktitle={Numerical Methods for Bifurcation Problems},
  pages={285--295},
  year={1984},
  publisher={Springer}
}

@article{dalir2010applications,
  title={Applications of fractional calculus},
  author={Dalir, Mehdi and Bashour, Majid},
  journal={Applied Mathematical Sciences},
  volume={4},
  number={21},
  pages={1021--1032},
  year={2010},
  publisher={Hikari Ltd}
}

@article{chen2008nonlinear,
  title={Nonlinear dynamics and chaos in a fractional-order financial system},
  author={Chen, Wei-Ching},
  journal={Chaos, Solitons \& Fractals},
  volume={36},
  number={5},
  pages={1305--1314},
  year={2008},
  publisher={Elsevier}
}

@article{ishteva2005properties,
  title={Properties and applications of the Caputo fractional operator},
  author={Ishteva, M},
  journal={Department of Mathematics, University of Karlsruhe, Karlsruhe},
  year={2005}
}

@inproceedings{yang2018generation,
  title={Generation of fractional-order Chua's chaotic system and it's synchronization},
  author={Yang, Chunzhi and Xiang, Wei and Ji, Quanbao},
  booktitle={2018 Chinese Control And Decision Conference (CCDC)},
  pages={599--603},
  year={2018},
  organization={IEEE}
}

@article{rowell2002state,
  title={State-Space Representation of LTI Systems},
  author={Rowell, Derek},
  year={2002},
  journal = {MIT}
}

@article{sprott2007labyrinth,
  title={Labyrinth chaos},
  author={Sprott, Julien Clinton and Chlouverakis, Konstantinos E},
  journal={International Journal of Bifurcation and Chaos},
  volume={17},
  number={06},
  pages={2097--2108},
  year={2007},
  publisher={World Scientific}
}

@article{kocamaz2015synchronization,
  title={Synchronization of chaos in nonlinear finance system by means of sliding mode and passive control methods: a comparative study},
  author={Kocamaz, U{\u{g}}ur Erkin and G{\"o}ksu, Alper and Ta{\c{s}}k{\i}n, Harun and Uyaro{\u{g}}lu, Y{\i}lmaz},
  journal={Information Technology and Control},
  volume={44},
  number={2},
  pages={172--181},
  year={2015}
}

@electronic{exampleeuler,
 author    = {Paul Dawkins},
 title     = {Euler's Method},
 url       ={http://tutorial.math.lamar.edu/Classes/DE/EulersMethod.aspx}
}

@electronic{vis_rk4,
 author    = {Harold Serrano},
 title     = {Visualizing the Runge-Kutta Method},
 url       ={https://www.haroldserrano.com/blog/visualizing-the-runge-kutta-method}
}

@BOOK{euler,
  TITLE = {Ecuaciones Diferenciales},
  AUTHOR = {García Jaimes, Orlando and Villegas Gutiérrez, Jairo Alberto and Castaño Bedoya, Jorge Iván and Sánchez Cano, José Albeiro},
  YEAR = {2016},
  PUBLISHER = {Fondo Editorial Universidad EAFIT}
}

@book{mathews2004numerical,
  title={Numerical Methods Using MATLAB},
  author={Mathews, J.H. and Fink, K.D.},
  isbn={9780130652485},
  lccn={2003061022},
  series={Featured Titles for Numerical Analysis Series},
  url={https://books.google.com.co/books?id=E5lRAAAAMAAJ},
  year={2004},
  publisher={Pearson Prentice Hall}
}



@article{kisela2008fractional,
  title={Fractional differential equations and their applications},
  author={Kisela, Tom{\'a}{\v{s}}},
  journal={Faculty Of Mechanical Engineering. Institute Of Mathemathics},
  year={2008}
}

@article{diethelm2002predictor,
  title={A predictor-corrector approach for the numerical solution of fractional differential equations},
  author={Diethelm, Kai and Ford, Neville J and Freed, Alan D},
  journal={Nonlinear Dynamics},
  volume={29},
  number={1-4},
  pages={3--22},
  year={2002},
  publisher={Springer}
}

@article{torvik1984appearance,
  title={On the appearance of the fractional derivative in the behavior of real materials},
  author={Torvik, Peter J and Bagley, Ronald L},
  journal={Journal of Applied Mechanics},
  volume={51},
  number={2},
  pages={294--298},
  year={1984},
  publisher={American Society of Mechanical Engineers}
}

% apps

@book{heaviside1899theory,
  title={Electromagnetic Theory.},
  author={Heaviside, Oliver},
  volume={2},
  year={1899},
  publisher={Chelsea Publishing Company}
}

@article{sebaa2006application,
  title={Application of fractional calculus to ultrasonic wave propagation in human cancellous bone},
  author={Sebaa, Naima and Fellah, Zine El Abidine and Lauriks, Walter and Depollier, Claude},
  journal={Signal Processing},
  volume={86},
  number={10},
  pages={2668--2677},
  year={2006},
  publisher={Elsevier}
}

@inproceedings{assaleh2007modeling,
  title={Modeling of speech signals using fractional calculus},
  author={Assaleh, Khaled and Ahmad, Wajdi M},
  booktitle={2007 9th International Symposium on Signal Processing and Its Applications},
  pages={1--4},
  year={2007},
  organization={IEEE}
}

@article{magin2006modeling,
  title={Modeling the cardiac tissue electrode interface using fractional calculus},
  author={Magin, RL and Ovadia, M},
  journal={IFAC Proceedings Volumes},
  volume={39},
  number={11},
  pages={302--307},
  year={2006},
  publisher={Elsevier}
}

@article{fellah2002application,
  title={Application of fractional calculus to the sound waves propagation in rigid porous materials: validation via ultrasonic measurements},
  author={Fellah, ZEA and Depollier, C and Fellah, M},
  journal={Acta Acustica united with Acustica},
  volume={88},
  number={1},
  pages={34--39},
  year={2002},
  publisher={S. Hirzel Verlag}
}

@inproceedings{suarez2003using,
  title={Using fractional calculus for lateral and longitudinal control of autonomous vehicles},
  author={Su{\'a}rez, Jos{\'e} Ignacio and Vinagre, Blas M and Calder{\'o}n, AJ and Monje, CA and Chen, YQ},
  booktitle={International Conference on Computer Aided Systems Theory},
  pages={337--348},
  year={2003},
  organization={Springer}
}

@article{soczkiewicz2002application,
  title={Application of fractional calculus in the theory of viscoelasticity},
  author={Soczkiewicz, Eugeniusz},
  journal={Molecular and Quantum Acoustics},
  volume={23},
  pages={397--404},
  year={2002}
}

@article{mathieu2003fractional,
  title={Fractional differentiation for edge detection},
  author={Mathieu, Beno{\^\i}t and Melchior, Pierre and Oustaloup, Alain and Ceyral, Ch},
  journal={Signal Processing},
  volume={83},
  number={11},
  pages={2421--2432},
  year={2003},
  publisher={Elsevier}
}

@article{margulies2003wave,
  title={Wave propagation in viscoelastic horns using a fractional calculus rheology model},
  author={Margulies, Timothy},
  journal={The Journal of the Acoustical Society of America},
  volume={114},
  number={4},
  pages={2442--2442},
  year={2003},
  publisher={ASA}
}

@article{kulish2002application,
  title={Application of fractional calculus to fluid mechanics},
  author={Kulish, Vladimir V and Lage, Jos{\'e} L},
  journal={Journal of fluids engineering},
  volume={124},
  number={3},
  pages={803--806},
  year={2002},
  publisher={American Society of Mechanical Engineers}
}

@book{diethelm2010analysis,
  title={The analysis of fractional differential equations: An application-oriented exposition using differential operators of Caputo type},
  author={Diethelm, Kai},
  year={2010},
  publisher={Springer Science \& Business Media}
}

@article{saadatmandi2010new,
  title={A new operational matrix for solving fractional-order differential equations},
  author={Saadatmandi, Abbas and Dehghan, Mehdi},
  journal={Computers \& mathematics with applications},
  volume={59},
  number={3},
  pages={1326--1336},
  year={2010},
  publisher={Elsevier}
}