@electronic{dufourstochastic,
  author        = "Dufour, Jean-Marie",
  title         = "Stochastic processes: basic notions",
  organization  = "McGill University",
  year          = "2016",
  url           = "https://jeanmariedufour.github.io/ResE/Dufour_2016_C_TS_Stochastic_processes_Basic_notions_Slides.pdf",
}

@book{pena2005analisis,
  title={An{\'a}lisis de series temporales},
  author={Pe{\~n}a, D.},
  series={Ciencias sociales},
  year={2005},
  publisher={Grupo Anaya Comercial}
}