@article{langtangen2017,
  title={Solving PDEs in Python--The FEniCS Tutorial Volume I},
  author={Langtangen, Hans Petter and Logg, Anders},
  journal={Center for Biomedical Computing, Simula Research Laboratory and
                  Department of Informatics, University of Oslo},
  year={2017}
}
