@article{altamirano2001epidemiology,
  title={Epidemiology and diabetes},
  author={Altamirano, Laura Moreno},
  journal={Revista de la Facultad de Medicina UNAM},
  volume={44},
  number={1},
  pages={35--37},
  year={2001}
}

@article{atlas2015international,
  title={International diabetes federation},
  author={Atlas, Diabetes},
  journal={IDF Diabetes Atlas, 7th edn. Brussels, Belgium: International Diabetes Federation},
  year={2015}
}

@misc{netlogomodel,
	author = {Devin Bowes},
    title = {BDE},
    year = {2019},
    note = "\url{http://ccl.northwestern.edu/netlogo/models/community/BDE702_T2DM2} [Online]"
}

@misc{whoobesity,
	author = {{World Health Organization}},
    title = {Obesity},
    year = {2019},
    note = "\url{https://www.who.int/topics/obesity/en/} [Online]"
}

@misc{whodiabetes,
	author = {{World Health Organization}},
    title = {Diabetes},
    year = {2019},
    note = "\url{https://www.who.int/health-topics/diabetes} [Online]"
}



@article{JCI10842,
author = {Barbara B. Kahn AND Jeffrey S. Flier},
journal = {The Journal of Clinical Investigation},
publisher = {The American Society for Clinical Investigation},
title = {Obesity and insulin resistance},
year = {2000},
month = {8},
volume = {106},
url = {https://www.jci.org/articles/view/10842},
pages = {473-481},
abstract = {},
number = {4},
doi = {10.1172/JCI10842},
url = {https://doi.org/10.1172/JCI10842},
}

@article{jeffery2002cross,
  title={Cross-sectional and longitudinal associations between body mass index and marriage-related factors},
  author={Jeffery, Robert W and Rick, Allison M},
  journal={Obesity Research},
  volume={10},
  number={8},
  pages={809--815},
  year={2002},
  publisher={Wiley Online Library}
}

@inproceedings{nejad2008agent,
  title={An agent-based diabetic patient simulation},
  author={Nejad, Sara Ghoreishi and Martens, Robert and Paranjape, Raman},
  booktitle={KES International Symposium on Agent and Multi-Agent Systems: Technologies and Applications},
  pages={832--841},
  year={2008},
  organization={Springer}
}

@article{dubovi2019instructional,
  title={Instructional support for learning with agent-based simulations: A tale of vicarious and guided exploration learning approaches},
  author={Dubovi, Ilana and Lee, Victor R},
  journal={Computers \& Education},
  volume={142},
  pages={103644},
  year={2019},
  publisher={Elsevier}
}


@article{montagna2017agent,
  title={Agent-based modeling for the self-management of chronic diseases: An exploratory study},
  author={Montagna, Sara and Omicini, Andrea},
  journal={Simulation},
  volume={93},
  number={9},
  pages={781--793},
  year={2017},
  publisher={SAGE Publications Sage UK: London, England}
}


@inproceedings{martinez2012definition,
  title={Definition of an agent-based model of the autoimmune response in Type 1 diabetes},
  author={Mart{\'\i}nez, Ignacio V and Hernando, M Elena and G{\'o}mez, Enrique J and Villares, Ricardo and Mellado, Mario},
  booktitle={7th Iberian Conference on Information Systems and Technologies (CISTI 2012)},
  pages={1--4},
  year={2012},
  organization={IEEE}
}


@article{bays2007relationship,
  title={The relationship of body mass index to diabetes mellitus, hypertension and dyslipidaemia: comparison of data from two national surveys},
  author={Bays, Harold E and Chapman, RH and Grandy, S and SHIELD Investigators’ Group},
  journal={International journal of clinical practice},
  volume={61},
  number={5},
  pages={737--747},
  year={2007},
  publisher={Wiley Online Library}
}


@article{billari2007wedding,
  title={The “wedding-ring” an agent-based marriage model based on social interaction},
  author={Billari, Francesco C and Prskawetz, Alexia and Diaz, Belinda Aparicio and Fent, Thomas},
  journal={Demographic research},
  volume={17},
  pages={59--82},
  year={2007},
  publisher={JSTOR}
}