@article{gillett1974heuristic,
  title={A heuristic algorithm for the vehicle-dispatch problem},
  author={Gillett, B.E. and Miller, L.R.},
  journal={Operations research},
  volume={22},
  number={2},
  pages={340--349},
  year={1974},
  publisher={INFORMS}
}

@article{constr,
  title={Constructive Sweep-Based Algorithm for Heterogeneous Cumulative Capacitated Vehicle Routing Problem},
  author ={Plazas, D.},
  journal={},
  volume={},
  number={},
  year={2019}
}
@article{ls,
  title={Local Search for Heterogeneous Cumulative Capacitated Vehicle Routing Problem},
  author ={Plazas, D.},
  journal={},
  volume={},
  number={},
  year={2019}
}

@book{glover2006handbook,
  title={Handbook of Metaheuristics},
  author={Glover, F.W. and Kochenberger, G.A.},
  isbn={9780306480560},
  lccn={2002034082},
  series={International Series in Operations Research \& Management Science},
  url={https://books.google.com.co/books?id=P-HpBwAAQBAJ},
  year={2006},
  publisher={Springer US}
}


@article{charon2001noising,
  title={The noising methods: A generalization of some metaheuristics},
  author={Charon, Ir{\`e}ne and Hudry, Olivier},
  journal={European Journal of Operational Research},
  volume={135},
  number={1},
  pages={86--101},
  year={2001},
  publisher={Elsevier}
}